@book{books/Fishburn85,
  author    = {Peter C. Fishburn},
  title     = {Interval Orders and Interval Graphs: A Study of Partially Ordered Sets},
  publisher = {John Wiley \& Sons Inc},
  series    = {Wiley-Interscience Series in Discrete Mathematics},
  year      = {1985},
}

@techreport{tr/Treiber86,
  author    = {R.K. Treiber},
  title     = {Systems programming: Coping with parallelism},
  institution = {IBM Almaden Res. Ctr.},
  number = {RJ5118},
  year      = {1986},
}

@article{journals/iandc/Angluin87,
  author    = {Dana Angluin},
  title     = {Learning Regular Sets from Queries and Counterexamples},
  journal   = {Inf. Comput.},
  volume    = {75},
  number    = {2},
  pages     = {87--106},
  year      = {1987},
  timestamp = {Wed, 06 Jul 2011 21:23:37 +0200},
  biburl    = {http://dblp.uni-trier.de/rec/bib/journals/iandc/Angluin87},
  bibsource = {dblp computer science bibliography, http://dblp.org}
}

@article{journals/toplas/HerlihyW90,
  author    = {Maurice Herlihy and
               Jeannette M. Wing},
  title     = {Linearizability: A Correctness Condition for Concurrent
               Objects},
  journal   = {ACM Trans. Program. Lang. Syst.},
  volume    = {12},
  number    = {3},
  year      = {1990},
  pages     = {463-492},
  ee        = {http://doi.acm.org/10.1145/78969.78972},
  bibsource = {DBLP, http://dblp.uni-trier.de}
}

@article{journals/jpdc/WingG93,
  author    = {Jeannette M. Wing and
               C. Gong},
  title     = {Testing and Verifying Concurrent Objects},
  journal   = {J. Parallel Distrib. Comput.},
  year      = {1993},
  volume    = {17},
  number    = {1-2},
  pages     = {164--182},
  timestamp = {Thu, 13 Nov 2014 10:39:41 +0100},
  biburl    = {http://dblp.uni-trier.de/rec/bib/journals/jpdc/WingG93},
  bibsource = {dblp computer science bibliography, http://dblp.org}
}

@inproceedings{conf/podc/MichaelS96,
  author    = {Maged M. Michael and
               Michael L. Scott},
  title     = {Simple, Fast, and Practical Non-Blocking and Blocking Concurrent
               Queue Algorithms},
  booktitle = {Proc. Fifteenth Annual ACM Symposium on Principles
               of Distributed Computing (PODC '96)},
  publisher = {ACM},
  year      = {1996},
  pages     = {267-275},
  ee        = {http://doi.acm.org/10.1145/248052.248106},
  bibsource = {DBLP, http://dblp.uni-trier.de}
}

@inproceedings{conf/lics/AbdullaCJT96,
  author    = {Parosh Aziz Abdulla and
               Karlis Cerans and
               Bengt Jonsson and
               Yih-Kuen Tsay},
  title     = {General Decidability Theorems for Infinite-State Systems},
  booktitle = {Proc. 11th IEEE Symposium on Logic in Computer Science (LICS ’96)},
  publisher = {IEEE Computer Society},
  year      = {1996},
  pages     = {313-321},
  bibsource = {DBLP, http://dblp.uni-trier.de}
}

@article{journals/siamcomp/GibbonsK97,
  author    = {Phillip B. Gibbons and
               Ephraim Korach},
  title     = {Testing Shared Memories},
  journal   = {SIAM J. Comput.},
  volume    = {26},
  number    = {4},
  year      = {1997},
  pages     = {1208-1244},
  ee        = {http://dx.doi.org/10.1137/S0097539794279614},
  bibsource = {DBLP, http://dblp.uni-trier.de}
}

@article{journals/iandc/AlurMP00,
  author    = {Rajeev Alur and
               Kenneth L. McMillan and
               Doron Peled},
  title     = {Model-Checking of Correctness Conditions for Concurrent
               Objects},
  journal   = {Inf. Comput.},
  volume    = {160},
  number    = {1-2},
  year      = {2000},
  pages     = {167-188},
  ee        = {http://dx.doi.org/10.1006/inco.1999.2847},
  bibsource = {DBLP, http://dblp.uni-trier.de}
}

@article{journals/tcs/FinkelS01,
  author    = {Alain Finkel and
               Ph. Schnoebelen},
  title     = {Well-structured transition systems everywhere!},
  journal   = {Theor. Comput. Sci.},
  volume    = {256},
  number    = {1-2},
  year      = {2001},
  pages     = {63-92},
  ee        = {http://dx.doi.org/10.1016/S0304-3975(00)00102-X},
  bibsource = {DBLP, http://dblp.uni-trier.de}
}

@techreport{tr/ibm/Michael04,
  author = {Maged M. Michael},
  title  = {{ABA} Prevention Using Single-Word Instructions},
  institution = {IBM Thomas J. Watson Research Center},
  number = {RC 23089},
  month  = {January},
  year   = {2004}
}

@article{journals/ase/GiannakopoulouPB05,
  author    = {Dimitra Giannakopoulou and
               Corina S. Pasareanu and
               Howard Barringer},
  title     = {Component Verification with Automatically Generated Assumptions},
  journal   = {Autom. Softw. Eng.},
  volume    = {12},
  number    = {3},
  pages     = {297--320},
  year      = {2005},
  timestamp = {Mon, 23 Jan 2006 14:29:58 +0100},
  biburl    = {http://dblp.uni-trier.de/rec/bib/journals/ase/GiannakopoulouPB05},
  bibsource = {dblp computer science bibliography, http://dblp.org}
}

@article{journals/dc/HendlerLMS06,
  author    = {Danny Hendler and
               Yossi Lev and
               Mark Moir and
               Nir Shavit},
  title     = {A dynamic-sized nonblocking work stealing deque},
  journal   = {Distributed Computing},
  volume    = {18},
  number    = {3},
  pages     = {189--207},
  year      = {2006},
  timestamp = {Mon, 03 Jul 2006 13:00:51 +0200},
  biburl    = {http://dblp.uni-trier.de/rec/bib/journals/dc/HendlerLMS06},
  bibsource = {dblp computer science bibliography, http://dblp.org}
}

@inproceedings{conf/cav/AmitRRSY07,
  author    = {Daphna Amit and
               Noam Rinetzky and
               Thomas W. Reps and
               Mooly Sagiv and
               Eran Yahav},
  title     = {Comparison Under Abstraction for Verifying Linearizability},
  booktitle = {Proc. 19th International Conference on Computer Aided Verification
               ({CAV} ’07)},
  series    = {LNCS},
  volume    = {4590},
  publisher = {Springer},
  pages     = {477--490},
  year      = {2007},
  timestamp = {Mon, 03 Sep 2007 13:24:22 +0200},
  biburl    = {http://dblp.uni-trier.de/rec/bib/conf/cav/AmitRRSY07},
  bibsource = {dblp computer science bibliography, http://dblp.org}
}

@inproceedings{conf/fm/LiuCLS09,
  author    = {Yang Liu and
               Wei Chen and
               Yanhong A. Liu and
               Jun Sun},
  title     = {Model Checking Linearizability via Refinement},
  booktitle = {Proc. Second World Congress on Formal Methods ({FM} ’09)},
  series    = {LNCS},
  volume    = {5850},
  publisher = {Springer},
  pages     = {321--337},
  year      = {2009},
  timestamp = {Thu, 09 Jun 2011 13:41:18 +0200},
  biburl    = {http://dblp.uni-trier.de/rec/bib/conf/fm/LiuCLS09},
  bibsource = {dblp computer science bibliography, http://dblp.org}
}

@article{journals/tcs/FilipovicORY10,
  author    = {Ivana Filipovic and
               Peter W. O'Hearn and
               Noam Rinetzky and
               Hongseok Yang},
  title     = {Abstraction for concurrent objects},
  journal   = {Theor. Comput. Sci.},
  volume    = {411},
  number    = {51-52},
  pages     = {4379--4398},
  year      = {2010},
  timestamp = {Tue, 20 Jul 4432055 15:49:52 +},
  biburl    = {http://dblp.uni-trier.de/rec/bib/journals/tcs/FilipovicORY10},
  bibsource = {dblp computer science bibliography, http://dblp.org}
}

@inproceedings{conf/podc/OHearnRVYY10,
  author    = {Peter W. O'Hearn and
               Noam Rinetzky and
               Martin T. Vechev and
               Eran Yahav and
               Greta Yorsh},
  title     = {Verifying linearizability with hindsight},
  booktitle = {Proc. 29th Annual {ACM} Symposium on Principles of Distributed
               Computing ({PODC} ’10)},
  publisher = {{ACM}},
  pages     = {85--94},
  year      = {2010},
  timestamp = {Wed, 23 May 2012 14:26:10 +0200},
  biburl    = {http://dblp.uni-trier.de/rec/bib/conf/podc/OHearnRVYY10},
  bibsource = {dblp computer science bibliography, http://dblp.org}
}

@inproceedings{conf/cav/Vafeiadis10,
  author    = {Viktor Vafeiadis},
  title     = {Automatically Proving Linearizability},
  booktitle = {Proc. 22nd International Conference on Computer Aided Verification
               ({CAV} ’10)},
  series    = {LNCS},
  volume    = {6174},
  publisher = {Springer},
  pages     = {450--464},
  year      = {2010},
  timestamp = {Mon, 12 Jul 2010 12:35:00 +0200},
  biburl    = {http://dblp.uni-trier.de/rec/bib/conf/cav/Vafeiadis10},
  bibsource = {dblp computer science bibliography, http://dblp.org}
}

@inproceedings{conf/pldi/BurckhardtDMT10,
  author    = {Sebastian Burckhardt and
               Chris Dern and
               Madanlal Musuvathi and
               Roy Tan},
  title     = {Line-up: a complete and automatic linearizability checker},
  booktitle = {Proc. 2010 {ACM} {SIGPLAN} Conference on Programming
               Language Design and Implementation ({PLDI} ’10)},
  publisher = {{ACM}},
  pages     = {330--340},
  year      = {2010},
  timestamp = {Mon, 07 Jun 2010 09:41:55 +0200},
  biburl    = {http://dblp.uni-trier.de/rec/bib/conf/pldi/BurckhardtDMT10},
  bibsource = {dblp computer science bibliography, http://dblp.org}
}

@article{journals/cacm/staff11,
 author = {Joseph P. Skudlarek},
 title = {Why Concurrent Objects Are Recurrently Complicated},
 journal = {Commun. ACM},
 issue_date = {June 2011},
 volume = {54},
 number = {6},
 month = jun,
 year = {2011},
 issn = {0001-0782},
 pages = {6--6},
 numpages = {1},
 url = {http://doi.acm.org/10.1145/1953122.1953124},
 acmid = {1953124},
 publisher = {ACM},
 address = {New York, NY, USA},
}

@inproceedings{conf/icse/Zhang11a,
  author    = {Shao Jie Zhang},
  title     = {Scalable automatic linearizability checking},
  booktitle = {Proc. 33rd International Conference on Software Engineering
               ({ICSE} ’11)},
  publisher = {{ACM}},
  pages     = {1185--1187},
  year      = {2011},
  timestamp = {Sat, 28 Jan 2012 17:07:02 +0100},
  biburl    = {http://dblp.uni-trier.de/rec/bib/conf/icse/Zhang11a},
  bibsource = {dblp computer science bibliography, http://dblp.org}
}

@inproceedings{conf/asplos/BurnimNS11,
  author    = {Jacob Burnim and
               George C. Necula and
               Koushik Sen},
  title     = {Specifying and checking semantic atomicity for multithreaded programs},
  booktitle = {Proc. 16th International Conference on Architectural
               Support for Programming Languages and Operating Systems ({ASPLOS} ’11)},
  publisher = {ACM},
  year      = {2011},
  pages     = {79--90},
  timestamp = {Thu, 13 Nov 2014 11:01:18 +0100},
  biburl    = {http://dblp.uni-trier.de/rec/bib/conf/asplos/BurnimNS11},
  bibsource = {dblp computer science bibliography, http://dblp.org}
}

@inproceedings{conf/oopsla/ShachamBASVY11,
  author    = {Ohad Shacham and
               Nathan Grasso Bronson and
               Alex Aiken and
               Mooly Sagiv and
               Martin T. Vechev and
               Eran Yahav},
  title     = {Testing atomicity of composed concurrent operations},
  booktitle = {Proc. 26th Annual {ACM} {SIGPLAN} Conference on Object-Oriented
               Programming, Systems, Languages, and Applications ({OOPSLA} ’11)},
  publisher = {{ACM}},
  pages     = {51--64},
  year      = {2011},
  timestamp = {Tue, 25 Oct 2011 20:48:58 +0200},
  biburl    = {http://dblp.uni-trier.de/rec/bib/conf/oopsla/ShachamBASVY11},
  bibsource = {dblp computer science bibliography, http://dblp.org}
}

@inproceedings{conf/pact/KirschLP13,
  author    = {Christoph M. Kirsch and
               Michael Lippautz and
               Hannes Payer},
  title     = {Fast and Scalable, Lock-Free {k-FIFO} Queues},
  booktitle = {Proc. 12th International Conference on Parallel
               Computing Technologies (PaCT 13)},
  publisher = {Springer},
  series    = {LNCS},
  volume    = {7979},
  year      = {2013},
  pages     = {208-223},
  ee        = {http://dx.doi.org/10.1007/978-3-642-39958-9_18},
  bibsource = {DBLP, http://dblp.uni-trier.de}
}

@inproceedings{conf/kbse/ZhangCW13,
  author    = {Lu Zhang and
               Arijit Chattopadhyay and
               Chao Wang},
  title     = {Round-up: Runtime checking quasi linearizability of concurrent data
               structures},
  booktitle = {28th {IEEE/ACM} International Conference on Automated Software
               Engineering ({ASE} ’13)},
  publisher = {{IEEE}},
  year      = {2013},
  pages     = {4--14},
  timestamp = {Thu, 13 Nov 2014 10:43:28 +0100},
  biburl    = {http://dblp.uni-trier.de/rec/bib/conf/kbse/ZhangCW13},
  bibsource = {dblp computer science bibliography, http://dblp.org}
}

@inproceedings{conf/tacas/AbdullaHHJR13,
  author    = {Parosh Aziz Abdulla and
               Fr{\'{e}}d{\'{e}}ric Haziza and
               Luk{\'{a}}s Hol{\'{\i}}k and
               Bengt Jonsson and
               Ahmed Rezine},
  title     = {An Integrated Specification and Verification Technique for Highly
               Concurrent Data Structures},
  booktitle = {Proc. 19th International Conference on
               Tools and Algorithms for the Construction and Analysis of Systems
               ({TACAS} ’13)},
  series    = {LNCS},
  volume    = {7795},
  publisher = {Springer},
  pages     = {324--338},
  year      = {2013},
  timestamp = {Mon, 18 Feb 2013 14:43:46 +0100},
  biburl    = {http://dblp.uni-trier.de/rec/bib/conf/tacas/AbdullaHHJR13},
  bibsource = {dblp computer science bibliography, http://dblp.org}
}

@inproceedings{conf/concur/HenzingerSV13,
  author    = {Thomas A. Henzinger and
               Ali Sezgin and
               Viktor Vafeiadis},
  title     = {Aspect-Oriented Linearizability Proofs},
  booktitle = {Proc. 24th International Conference on Concurrency Theory
               ({CONCUR} ’13)},
  series    = {LNCS},
  volume    = {8052},
  publisher = {Springer},
  pages     = {242--256},
  year      = {2013},
  timestamp = {Wed, 24 Jul 2013 15:44:24 +0200},
  biburl    = {http://dblp.uni-trier.de/rec/bib/conf/concur/HenzingerSV13},
  bibsource = {dblp computer science bibliography, http://dblp.org}
}

@inproceedings{conf/cav/DragoiGH13,
  author    = {Cezara Dragoi and
               Ashutosh Gupta and
               Thomas A. Henzinger},
  title     = {Automatic Linearizability Proofs of Concurrent Objects with Cooperating
               Updates},
  booktitle = {Proc. 25th International Conference on Computer Aided Verification
               ({CAV} ’13)},
  series    = {LNCS},
  volume    = {8044},
  publisher = {Springer},
  year      = {2013},
  pages     = {174--190},
  timestamp = {Thu, 13 Nov 2014 12:00:11 +0100},
  biburl    = {http://dblp.uni-trier.de/rec/bib/conf/cav/DragoiGH13},
  bibsource = {dblp computer science bibliography, http://dblp.org}
}

@inproceedings{conf/pldi/LiangF13,
  author    = {Hongjin Liang and
               Xinyu Feng},
  title     = {Modular verification of linearizability with non-fixed linearization
               points},
  booktitle = {Proc. {ACM} {SIGPLAN} Conference on Programming Language Design and Implementation
               ({PLDI} ’13)},
  publisher = {{ACM}},
  pages     = {459--470},
  year      = {2013},
  timestamp = {Sun, 09 Jun 2013 12:32:52 +0200},
  biburl    = {http://dblp.uni-trier.de/rec/bib/conf/pldi/LiangF13},
  bibsource = {dblp computer science bibliography, http://dblp.org}
}

@inproceedings{conf/esop/BouajjaniEEH13,
  author    = {Ahmed Bouajjani and
               Michael Emmi and
               Constantin Enea and
               Jad Hamza},
  title     = {Verifying Concurrent Programs against Sequential Specifications},
  booktitle = {Proc. 22nd European Symposium on Programming ({ESOP} ’13)},
  series    = {LNCS},
  volume    = {7792},
  publisher = {Springer},
  pages     = {290--309},
  year      = {2013},
  timestamp = {Mon, 18 Feb 2013 15:03:29 +0100},
  biburl    = {http://dblp.uni-trier.de/rec/bib/conf/esop/BouajjaniEEH13},
  bibsource = {dblp computer science bibliography, http://dblp.org}
}

@inproceedings{conf/podc/HemedR14,
  author    = {Nir Hemed and
               Noam Rinetzky},
  title     = {Brief announcement: concurrency-aware linearizability},
  booktitle = {{ACM} Symposium on Principles of Distributed Computing ({PODC} ’14)},
  publisher = {{ACM}},
  pages     = {209--211},
  year      = {2014},
  timestamp = {Sun, 13 Jul 2014 13:17:36 +0200},
  biburl    = {http://dblp.uni-trier.de/rec/bib/conf/podc/HemedR14},
  bibsource = {dblp computer science bibliography, http://dblp.org}
}

@inproceedings{conf/popl/DoddsHK15,
  author    = {Mike Dodds and
               Andreas Haas and
               Christoph M. Kirsch},
  title     = {A Scalable, Correct Time-Stamped Stack},
  booktitle = {Proc. 42nd Annual {ACM} {SIGPLAN-SIGACT} Symposium on
               Principles of Programming Languages ({POPL} ’15)},
  publisher = {{ACM}},
  pages     = {233--246},
  year      = {2015},
  timestamp = {Sat, 20 Dec 2014 16:58:56 +0100},
  biburl    = {http://dblp.uni-trier.de/rec/bib/conf/popl/DoddsHK15},
  bibsource = {dblp computer science bibliography, http://dblp.org}
}

@inproceedings{conf/popl/BouajjaniEEH15,
  author    = {Ahmed Bouajjani and
               Michael Emmi and
               Constantin Enea and
               Jad Hamza},
  title     = {Tractable Refinement Checking for Concurrent Objects},
  booktitle = {Proc. 42nd Annual {ACM} {SIGPLAN-SIGACT} Symposium on
               Principles of Programming Languages ({POPL} ’15)},
  pages     = {651--662},
  publisher = {{ACM}},
  year      = {2015},
  timestamp = {Sat, 20 Dec 2014 16:58:56 +0100},
  biburl    = {http://dblp.uni-trier.de/rec/bib/conf/popl/BouajjaniEEH15},
  bibsource = {dblp computer science bibliography, http://dblp.org}
}

@inproceedings{conf/pldi/EmmiEH15,
  author    = {Michael Emmi and
               Constantin Enea and
               Jad Hamza},
  title     = {Monitoring Refinement via Symbolic Reasoning},
  booktitle = {Proc. 36th Annual {ACM} {SIGPLAN} Conference on
               Programming Language Design and Implementation, ({PLDI} ’15)},
  publisher = {{ACM}},
  year      = {2015},
}

@article{journals/arxiv/BouajjaniEEH15,
  author    = {Ahmed Bouajjani and
               Michael Emmi and
               Constantin Enea and
               Jad Hamza},
  title     = {On Reducing Linearizability to State Reachability},
  journal   = {arXiv:1502.06882},
  year      = {2015},
  url       = {http://arxiv.org/abs/1502.06882},
}

@unpublished{conf/cav/Sezgin15,
  author    = {Ali Sezgin},
  title     = {Proving Linearizability without Linearization — Stacks},
  note      = {Submitted},
}
